@book{korn2000mathematical,
   title={Mathematical handbook for scientists and engineers: definitions, theorems, and formulas for reference and review},
   author={Korn, Granino Arthur and Korn, Theresa M},
   year={2000},
   publisher={Courier Corporation}
}

@book{agarwal2011introduction,
   title={An introduction to complex analysis},
   author={Agarwal, Ravi P and Perera, Kanishka and Pinelas, Sandra},
   year={2011},
   publisher={Springer Science \& Business Media}
}